@article{Knees:2013:SMS:2559928.2542206,
 author = {Knees, Peter and Schedl, Markus},
 title = {A Survey of Music Similarity and Recommendation from Music Context Data},
 journal = {ACM Trans. Multimedia Comput. Commun. Appl.},
 issue_date = {December 2013},
 volume = {10},
 number = {1},
 month = dec,
 year = {2013},
 issn = {1551-6857},
 pages = {2:1--2:21},
 articleno = {2},
 numpages = {21},
 url = {http://doi.acm.org/10.1145/2542205.2542206},
 doi = {10.1145/2542205.2542206},
 acmid = {2542206},
 publisher = {ACM},
 address = {New York, NY, USA},
 keywords = {Music information retrieval, music context, music recommendation, music similarity, survey},
} 

@inproceedings{Kaminskas:2012:KMR:2390848.2390854,
 author = {Kaminskas, Marius and Fern\'{a}ndez-Tob\'{\i}as, Ignacio and Ricci, Francesco and Cantador, Iv\'{a}n},
 title = {Knowledge-based Music Retrieval for Places of Interest},
 booktitle = {Proceedings of the Second International ACM Workshop on Music Information Retrieval with User-centered and Multimodal Strategies},
 series = {MIRUM '12},
 year = {2012},
 isbn = {978-1-4503-1591-3},
 location = {Nara, Japan},
 pages = {19--24},
 numpages = {6},
 url = {http://doi.acm.org/10.1145/2390848.2390854},
 doi = {10.1145/2390848.2390854},
 acmid = {2390854},
 publisher = {ACM},
 address = {New York, NY, USA},
 keywords = {context-aware recommendation, dbpedia, linked data, music recommender systems, semantic networks},
} 

@inproceedings{Kaminskas:2013:LMR:2507157.2507180,
 author = {Kaminskas, Marius and Ricci, Francesco and Schedl, Markus},
 title = {Location-aware Music Recommendation Using Auto-tagging and Hybrid Matching},
 booktitle = {Proceedings of the 7th ACM Conference on Recommender Systems},
 series = {RecSys '13},
 year = {2013},
 isbn = {978-1-4503-2409-0},
 location = {Hong Kong, China},
 pages = {17--24},
 numpages = {8},
 url = {http://doi.acm.org/10.1145/2507157.2507180},
 doi = {10.1145/2507157.2507180},
 acmid = {2507180},
 publisher = {ACM},
 address = {New York, NY, USA},
 keywords = {auto-tagging, context-aware recommendation, hybrid recommendation, music recommendation, tag prediction},
} 

@inproceedings{Heim:2009:RRR:1695324.1695351,
 author = {Heim, Philipp and Hellmann, Sebastian and Lehmann, Jens and Lohmann, Steffen and Stegemann, Timo},
 title = {RelFinder: Revealing Relationships in RDF Knowledge Bases},
 booktitle = {Proceedings of the 4th International Conference on Semantic and Digital Media Technologies: Semantic Multimedia},
 series = {SAMT '09},
 year = {2009},
 isbn = {978-3-642-10542-5},
 location = {Graz, Austria},
 pages = {182--187},
 numpages = {6},
 url = {http://dx.doi.org/10.1007/978-3-642-10543-2_21},
 doi = {10.1007/978-3-642-10543-2_21},
 acmid = {1695351},
 publisher = {Springer-Verlag},
 address = {Berlin, Heidelberg},
 keywords = {dbpedia, graph visualization, linked data, relationship discovery, semantic user interfaces, semantic web},
} 
@BOOK{artificial_intelligence,
  TITLE = {Artificial Intelligence: A Modern Approach},
  AUTHOR = {Stuart Russell,Peter Norvig},
  YEAR = {2003}, 
  PUBLISHER = {Prentice Hall, Inc.},
}

@article{meng2013review,
  added-at = {2016-02-09T12:52:21.000+0100},
  author = {Meng, Lingling and Huang, Runqing and Gu, Junzhong},
  biburl = {https://www.bibsonomy.org/bibtex/26fd1e586b88ca4fa1dc45ee51c112110/thoni},
  interhash = {ce1f9ee1586e970b59ef6183b596e867},
  intrahash = {6fd1e586b88ca4fa1dc45ee51c112110},
  journal = {International Journal of Hybrid Information Technology},
  keywords = {review semantic similarity wordnet},
  number = 1,
  pages = {1--12},
  timestamp = {2016-09-06T08:23:07.000+0200},
  title = {A review of semantic similarity measures in wordnet},
  volume = 6,
  year = 2013
}

@article{Baltrunas:2012:CRA:2339097.2339111,
 author = {Baltrunas, Linas and Ludwig, Bernd and Peer, Stefan and Ricci, Francesco},
 title = {Context Relevance Assessment and Exploitation in Mobile Recommender Systems},
 journal = {Personal Ubiquitous Comput.},
 issue_date = {June      2012},
 volume = {16},
 number = {5},
 month = jun,
 year = {2012},
 issn = {1617-4909},
 pages = {507--526},
 numpages = {20},
 url = {http://dx.doi.org/10.1007/s00779-011-0417-x},
 doi = {10.1007/s00779-011-0417-x},
 acmid = {2339111},
 publisher = {Springer-Verlag},
 address = {London, UK, UK},
 keywords = {Collaborative filtering, Context, Mobile applications, Recommender system, User study},
} 

@inproceedings{Ostuni:2012:CCM:2887638.2887642,
 author = {Ostuni, Vito Claudio and Di Noia, Tommaso and Mirizzi, Roberto and Romito, Davide and Di Sciascio, Eugenio},
 title = {Cinemappy: A Context-aware Mobile App for Movie Recommendations Boosted by DBpedia},
 booktitle = {Proceedings of the 2012 International Conference on Semantic Technologies Meet Recommender Systems \&\#38; Big Data - Volume 919},
 series = {SeRSy'12},
 year = {2012},
 location = {Boston},
 pages = {37--48},
 numpages = {12},
 url = {http://dl.acm.org/citation.cfm?id=2887638.2887642},
 acmid = {2887642},
 publisher = {CEUR-WS.org},
 address = {Aachen, Germany, Germany},
} 

@article{Dey:2001:UUC:593570.593572,
 author = {Dey, Anind K.},
 title = {Understanding and Using Context},
 journal = {Personal Ubiquitous Comput.},
 issue_date = {February 2001},
 volume = {5},
 number = {1},
 month = jan,
 year = {2001},
 issn = {1617-4909},
 pages = {4--7},
 numpages = {4},
 url = {http://dx.doi.org/10.1007/s007790170019},
 doi = {10.1007/s007790170019},
 acmid = {593572},
 publisher = {Springer-Verlag},
 address = {London, UK, UK},
} 

@article{doi:10.1179/sre.1975.23.176.88,
author = {T. Vincenty},
title = {DIRECT AND INVERSE SOLUTIONS OF GEODESICS ON THE ELLIPSOID WITH APPLICATION OF NESTED EQUATIONS},
journal = {Survey Review},
volume = {23},
number = {176},
pages = {88-93},
year = {1975},
doi = {10.1179/sre.1975.23.176.88},

URL = { 
        http://dx.doi.org/10.1179/sre.1975.23.176.88
    
},
eprint = { 
        http://dx.doi.org/10.1179/sre.1975.23.176.88
    
}

}
